<collection xmlns="http://www.loc.gov/MARC21/slim">
<record>
  <leader>00740nam0a22001811i 450 </leader>
  <controlfield tag="001">IT\ICCU\CNCE\016131</controlfield>
  <controlfield tag="005">20001205000000.0</controlfield>
  <datafield tag="100" ind1=" " ind2=" ">
    <subfield code="a">19970101d1517        0itac0103    ba</subfield>
  </datafield>
  <datafield tag="101" ind1=" " ind2=" ">
    <subfield code="a">ITA</subfield>
  </datafield>
  <datafield tag="102" ind1=" " ind2=" ">
    <subfield code="a">IT</subfield>
  </datafield>
  <datafield tag="200" ind1="1" ind2=" ">
    <subfield code="a">De bene viuendi. Questo  ̈vno libro vtilissimo con breuitade a ogni persona desiderosa de ben viuere e de sapere</subfield>
  </datafield>
  <datafield tag="210" ind1=" " ind2=" ">
    <subfield code="a">Impressum in Monte regali in plano vallis</subfield>
    <subfield code="c">per Iosephum et Ieronimum fratres de Berrueris</subfield>
    <subfield code="d">1517</subfield>
  </datafield>
  <datafield tag="215" ind1=" " ind2=" ">
    <subfield code="a">\12! c.</subfield>
    <subfield code="d">4ʻ</subfield>
  </datafield>
  <datafield tag="300" ind1=" " ind2=" ">
    <subfield code="a">ANNULLATA COLLEZIONE PRIVATA</subfield>
  </datafield>
  <datafield tag="620" ind1=" " ind2=" ">
    <subfield code="a">IT</subfield>
    <subfield code="d">Mondov</subfield>
  </datafield>
  <datafield tag="712" ind1="0" ind2="0">
    <subfield code="a">Berruerio, Giuseppe &amp; Berruerio, Girolamo</subfield>
    <subfield code="3">IT\ICCU\CNCT\001737</subfield>
    <subfield code="4">650</subfield>
  </datafield>
  <datafield tag="791" ind1="0" ind2="0">
    <subfield code="a">Berruerio, Girolamo</subfield>
    <subfield code="3">IT\ICCU\CNCT\001738</subfield>
    <subfield code="z">Berruerio, Giuseppe &amp; Berruerio, Girolamo</subfield>
  </datafield>
  <datafield tag="801" ind1=" " ind2="3">
    <subfield code="a">IT</subfield>
    <subfield code="b">ICCU</subfield>
    <subfield code="c">20201114</subfield>
  </datafield>
</record>
</collection>
